@article{pub2000,
  title={Grating Couplers for Coupling between Optical Fibers and Nanophotonic Waveguides},
  author={Dirk TAILLAERT and Frederik VAN LAERE},
  journal={The Japan Society of Applied Physics},
  year={2006}
}
@article{oe241821027beamwidth,
  title={Accurate theoretical and experimental characterization of optical grating coupler},
  author={FAEZEH FESHARAKI and NADIR HOSSAIN},
  journal={Optics Express},
  year={2016}
}
@article{tamirPeng1977,
  title={Analysis and Design of Grating Couples},
  author={T Tamir and T. Peng},
  journal={Applied Physics by Spring Verlag},
  year={1977}
}
@article{hongChoSungFWHMsize,
  title={Design Parameter Optimization of a Silicon-Based Grating Waveguide for Performance Improvement in Biochemical Sensor Application},
  author={Yoo-Seung Hong and Chun-Hyung Cho},
  journal={Sensors},
  year={2018}
}
@article{00248941,
  title={Analysis and Design of Broadband Grating couplers},
  author={Zhang and Tamir},
  journal={IEEE},
  year={1993}
}
@article{pic2,
  title={High-resolution aliasing-free optical beam steering},
  author={DAVID N. HUTCHISON and JIE SUN},
  journal={Optica},
  year={2016}
}